<?xml version="1.0" encoding="UTF-8"?>
<Document xmlns="urn:iso:std:iso:20022:tech:xsd:camt.053.001.02"><BkToCstmrStmt><GrpHdr><MsgId>20200401015540FDCF2BBE</MsgId><CreDtTm>2020-04-01T01:55:40.000+02:00</CreDtTm><MsgRcpt><Nm>Michael Frech</Nm></MsgRcpt></GrpHdr><Stmt><Id>284123412928</Id><LglSeqNb>23423432223</LglSeqNb><CreDtTm>2020-03-31T23:13:45.000+00:00</CreDtTm><FrToDt><FrDtTm>2020-03-02T00:00:00.000+02:00</FrDtTm><ToDtTm>2020-03-31T00:00:00.000+02:00</ToDtTm></FrToDt><Acct><Id><IBAN>AT032032032202569964</IBAN></Id><Ccy>EUR</Ccy><Svcr><FinInstnId><BIC>ASPKAT2LXXX</BIC></FinInstnId></Svcr></Acct><Bal><Tp><CdOrPrtry><Cd>PRCD</Cd></CdOrPrtry></Tp><Amt Ccy="EUR">111</Amt><CdtDbtInd>CRDT</CdtDbtInd><Dt><Dt>2020-02-28</Dt></Dt></Bal><Bal><Tp><CdOrPrtry><Cd>CLBD</Cd></CdOrPrtry></Tp><Amt Ccy="EUR">111</Amt><CdtDbtInd>CRDT</CdtDbtInd><Dt><Dt>2020-03-31</Dt></Dt></Bal><TxsSummry><TtlNtries><NbOfNtries>27</NbOfNtries><Sum>111</Sum><TtlNetNtryAmt>111</TtlNetNtryAmt><CdtDbtInd>CRDT</CdtDbtInd></TtlNtries><TtlCdtNtries><NbOfNtries>4</NbOfNtries><Sum>111</Sum></TtlCdtNtries><TtlDbtNtries><NbOfNtries>23</NbOfNtries><Sum>111</Sum></TtlDbtNtries></TxsSummry><Ntry><Amt Ccy="EUR">3.50</Amt><CdtDbtInd>DBIT</CdtDbtInd><Sts>BOOK</Sts><BookgDt><Dt>2020-03-02</Dt></BookgDt><ValDt><Dt>2020-02-29</Dt></ValDt><AcctSvcrRef>20313241242022AWF-00CVPFSLBXAO</AcctSvcrRef><BkTxCd><Domn><Cd>PMNT</Cd><Fmly><Cd>CCRD</Cd><SubFmlyCd>POSD</SubFmlyCd></Fmly></Domn><Prtry><Cd>840</Cd><Issr>APC</Issr></Prtry></BkTxCd><NtryDtls><TxDtls><Refs><AcctSvcrRef>20313241242022AWF-00CVPFSLBXAO</AcctSvcrRef></Refs><AmtDtls><InstdAmt><Amt Ccy="EUR">3.50</Amt></InstdAmt><TxAmt><Amt Ccy="EUR">3.50</Amt></TxAmt></AmtDtls><BkTxCd><Domn><Cd>PMNT</Cd><Fmly><Cd>CCRD</Cd><SubFmlyCd>POSD</SubFmlyCd></Fmly></Domn><Prtry><Cd>840</Cd><Issr>APC</Issr></Prtry></BkTxCd><RltdPties /><RltdAgts><DbtrAgt><FinInstnId><Othr><Id>20320</Id></Othr></FinInstnId></DbtrAgt><CdtrAgt><FinInstnId><Othr><Id>20320</Id></Othr></FinInstnId></CdtrAgt></RltdAgts><RmtInf><Ustrd>POS 3,50 AT  K2   29.02. 12:57TEDI FIL 1103 BRAUNAU 5280 040</Ustrd></RmtInf></TxDtls></NtryDtls></Ntry><Ntry><Amt Ccy="EUR">4.16</Amt><CdtDbtInd>DBIT</CdtDbtInd><Sts>BOOK</Sts><BookgDt><Dt>2020-03-02</Dt></BookgDt><ValDt><Dt>2020-02-29</Dt></ValDt><AcctSvcrRef>20313241242022AWF-00F8QNA9OCU8</AcctSvcrRef><BkTxCd><Domn><Cd>PMNT</Cd><Fmly><Cd>CCRD</Cd><SubFmlyCd>POSD</SubFmlyCd></Fmly></Domn><Prtry><Cd>840</Cd><Issr>APC</Issr></Prtry></BkTxCd><NtryDtls><TxDtls><Refs><AcctSvcrRef>20313241242022AWF-00F8QNA9OCU8</AcctSvcrRef></Refs><AmtDtls><InstdAmt><Amt Ccy="EUR">4.16</Amt></InstdAmt><TxAmt><Amt Ccy="EUR">4.16</Amt></TxAmt></AmtDtls><BkTxCd><Domn><Cd>PMNT</Cd><Fmly><Cd>CCRD</Cd><SubFmlyCd>POSD</SubFmlyCd></Fmly></Domn><Prtry><Cd>840</Cd><Issr>APC</Issr></Prtry></BkTxCd><RltdPties /><RltdAgts><DbtrAgt><FinInstnId><Othr><Id>20320</Id></Othr></FinInstnId></DbtrAgt><CdtrAgt><FinInstnId><Othr><Id>20320</Id></Othr></FinInstnId></CdtrAgt></RltdAgts><RmtInf><Ustrd>POS 4,16 AT  K2   29.02. 10:31SPAR DANKT 3779 LINZ 4020 040</Ustrd></RmtInf></TxDtls></NtryDtls></Ntry><Ntry><Amt Ccy="EUR">163.64</Amt><CdtDbtInd>CRDT</CdtDbtInd><Sts>BOOK</Sts><BookgDt><Dt>2020-03-03</Dt></BookgDt><ValDt><Dt>2020-03-03</Dt></ValDt><AcctSvcrRef>20313241242022AWF-56X7HJ029939</AcctSvcrRef><BkTxCd><Domn><Cd>PMNT</Cd><Fmly><Cd>RCDT</Cd><SubFmlyCd>ESCT</SubFmlyCd></Fmly></Domn><Prtry><Cd>166</Cd><Issr>APC</Issr></Prtry></BkTxCd><NtryDtls><TxDtls><Refs><AcctSvcrRef>20313241242022AWF-56X7HJ029939</AcctSvcrRef><EndToEndId>2BSMON9WFSD87M7VW6</EndToEndId></Refs><AmtDtls><InstdAmt><Amt Ccy="EUR">163.64</Amt></InstdAmt><TxAmt><Amt Ccy="EUR">163.64</Amt></TxAmt></AmtDtls><BkTxCd><Domn><Cd>PMNT</Cd><Fmly><Cd>RCDT</Cd><SubFmlyCd>ESCT</SubFmlyCd></Fmly></Domn><Prtry><Cd>166</Cd><Issr>APC</Issr></Prtry></BkTxCd><RltdPties><Dbtr><Nm>AMAZON EU S.A R.L., NIEDERLASSUNG DEUTSCHLAND</Nm><PstlAdr><AdrLine>DE</AdrLine></PstlAdr></Dbtr><DbtrAcct><Id><IBAN>DE93300308800013441006</IBAN></Id></DbtrAcct><Cdtr><Nm>Max Mustermann</Nm><PstlAdr><AdrLine>AT</AdrLine></PstlAdr></Cdtr><CdtrAcct><Id><IBAN>AT032032032947269964</IBAN></Id></CdtrAcct></RltdPties><RltdAgts><DbtrAgt><FinInstnId><BIC>TUBDDEDDXXX</BIC></FinInstnId></DbtrAgt><CdtrAgt><FinInstnId><BIC>ASPKAT2LXXX</BIC></FinInstnId></CdtrAgt></RltdAgts><RmtInf><Ustrd>306-0402985-3507524 AMZ Amazon.de 2BSIDW12SD87M7VW6</Ustrd></RmtInf></TxDtls></NtryDtls></Ntry><Ntry><Amt Ccy="EUR">160.00</Amt><CdtDbtInd>CRDT</CdtDbtInd><Sts>BOOK</Sts><BookgDt><Dt>2020-03-04</Dt></BookgDt><ValDt><Dt>2020-03-04</Dt></ValDt><AcctSvcrRef>3300308800013441006-9DF5976551MK</AcctSvcrRef><BkTxCd><Domn><Cd>PMNT</Cd><Fmly><Cd>RCDT</Cd><SubFmlyCd>ESCT</SubFmlyCd></Fmly></Domn><Prtry><Cd>166</Cd><Issr>APC</Issr></Prtry></BkTxCd><NtryDtls><TxDtls><Refs><AcctSvcrRef>3300308800013441006-9DF5976551MK</AcctSvcrRef><EndToEndId>AF310820200248007554</EndToEndId></Refs><AmtDtls><InstdAmt><Amt Ccy="EUR">160.00</Amt></InstdAmt><TxAmt><Amt Ccy="EUR">160.00</Amt></TxAmt></AmtDtls><BkTxCd><Domn><Cd>PMNT</Cd><Fmly><Cd>RCDT</Cd><SubFmlyCd>ESCT</SubFmlyCd></Fmly></Domn><Prtry><Cd>166</Cd><Issr>APC</Issr></Prtry></BkTxCd><RltdPties><Dbtr><Nm>FA Kirchdorf PergSteyr</Nm></Dbtr><DbtrAcct><Id><IBAN>AT650100000005524512</IBAN></Id></DbtrAcct><Cdtr><Nm>Max Mustermann</Nm></Cdtr><CdtrAcct><Id><IBAN>AT038291032202569964</IBAN></Id></CdtrAcct></RltdPties><RltdAgts><DbtrAgt><FinInstnId><BIC>BUNDATWWXXX</BIC></FinInstnId></DbtrAgt><CdtrAgt><FinInstnId><BIC>ASPKAR6SXXX</BIC></FinInstnId></CdtrAgt></RltdAgts><RmtInf><Ustrd>RUECKZAHLUNG 28.02.2020 Einkommensteuer Mustermann Max</Ustrd></RmtInf></TxDtls></NtryDtls></Ntry><Ntry><Amt Ccy="EUR">13.90</Amt><CdtDbtInd>DBIT</CdtDbtInd><Sts>BOOK</Sts><BookgDt><Dt>2020-03-05</Dt></BookgDt><ValDt><Dt>2020-03-05</Dt></ValDt><AcctSvcrRef>3300308800013441006023845723498523</AcctSvcrRef><BkTxCd><Domn><Cd>PMNT</Cd><Fmly><Cd>RDDT</Cd><SubFmlyCd>ESDD</SubFmlyCd></Fmly></Domn><Prtry><Cd>105</Cd><Issr>APC</Issr></Prtry></BkTxCd><NtryDtls><TxDtls><Refs><AcctSvcrRef>330030880001344100635028572308957</AcctSvcrRef><MndtId>spusu218986</MndtId></Refs><AmtDtls><InstdAmt><Amt Ccy="EUR">13.90</Amt></InstdAmt><TxAmt><Amt Ccy="EUR">13.90</Amt></TxAmt></AmtDtls><BkTxCd><Domn><Cd>PMNT</Cd><Fmly><Cd>RDDT</Cd><SubFmlyCd>ESDD</SubFmlyCd></Fmly></Domn><Prtry><Cd>105</Cd><Issr>APC</Issr></Prtry></BkTxCd><RltdPties><Dbtr><Nm>Max Musterfrau</Nm></Dbtr><DbtrAcct><Id><IBAN>AT032038767702569964</IBAN></Id></DbtrAcct><Cdtr><Nm>MASS Response Service GmbH</Nm><PstlAdr><AdrLine>Donau-City-Straße 7 1220 Wien</AdrLine></PstlAdr><Id><PrvtId><Othr><Id>AT80ZZZ00000007905</Id></Othr></PrvtId></Id></Cdtr><CdtrAcct><Id><IBAN>AT731200010014260235</IBAN></Id></CdtrAcct><UltmtCdtr><Nm>spusu</Nm></UltmtCdtr></RltdPties><RltdAgts><DbtrAgt><FinInstnId><BIC>ASPSST2LXXX</BIC></FinInstnId></DbtrAgt><CdtrAgt><FinInstnId><BIC>BKAUATWWXXX</BIC></FinInstnId></CdtrAgt></RltdAgts><RmtInf><Ustrd>KNr: 218986, BNr: SR-302400/2020</Ustrd></RmtInf></TxDtls></NtryDtls></Ntry><Ntry><Amt Ccy="EUR">15.99</Amt><CdtDbtInd>DBIT</CdtDbtInd><Sts>BOOK</Sts><BookgDt><Dt>2020-03-05</Dt></BookgDt><ValDt><Dt>2020-03-05</Dt></ValDt><AcctSvcrRef>3300308800013441006-08XBV6019562</AcctSvcrRef><BkTxCd><Domn><Cd>PMNT</Cd><Fmly><Cd>RDDT</Cd><SubFmlyCd>ESDD</SubFmlyCd></Fmly></Domn><Prtry><Cd>105</Cd><Issr>APC</Issr></Prtry></BkTxCd><NtryDtls><TxDtls><Refs><AcctSvcrRef>3300308800013441006-08XBV6019562</AcctSvcrRef><EndToEndId>4V2CRRRPFLO66E0M</EndToEndId><MndtId>rQ6NMpLD(DUDcetr)cz+6Ih4dWP?HV</MndtId></Refs><AmtDtls><InstdAmt><Amt Ccy="EUR">15.99</Amt></InstdAmt><TxAmt><Amt Ccy="EUR">15.99</Amt></TxAmt></AmtDtls><BkTxCd><Domn><Cd>PMNT</Cd><Fmly><Cd>RDDT</Cd><SubFmlyCd>ESDD</SubFmlyCd></Fmly></Domn><Prtry><Cd>105</Cd><Issr>APC</Issr></Prtry></BkTxCd><RltdPties><Dbtr><Nm>Max Mustermann</Nm></Dbtr><DbtrAcct><Id><IBAN>AT032032032209999964</IBAN></Id></DbtrAcct><Cdtr><Nm>AMAZON PAYMENTS EUROPE S.C.A.</Nm><Id><PrvtId><Othr><Id>DE94ZZZ00000561653</Id></Othr></PrvtId></Id></Cdtr><CdtrAcct><Id><IBAN>DE87300308801908262006</IBAN></Id></CdtrAcct></RltdPties><RltdAgts><DbtrAgt><FinInstnId><BIC>ASPKXY2LXXX</BIC></FinInstnId></DbtrAgt><CdtrAgt><FinInstnId><BIC>TUBDDEDDXXX</BIC></FinInstnId></CdtrAgt></RltdAgts><RmtInf><Ustrd>302-4552991-7491568 AMZN Mktp DE 4V2CHMBPFLO66E0M</Ustrd></RmtInf></TxDtls></NtryDtls></Ntry><Ntry><Amt Ccy="EUR">17.14</Amt><CdtDbtInd>DBIT</CdtDbtInd><Sts>BOOK</Sts><BookgDt><Dt>2020-03-05</Dt></BookgDt><ValDt><Dt>2020-03-05</Dt></ValDt><AcctSvcrRef>3300308800013441006-03XAI2001354</AcctSvcrRef><BkTxCd><Domn><Cd>PMNT</Cd><Fmly><Cd>RDDT</Cd><SubFmlyCd>ESDD</SubFmlyCd></Fmly></Domn><Prtry><Cd>105</Cd><Issr>APC</Issr></Prtry></BkTxCd><NtryDtls><TxDtls><Refs><AcctSvcrRef>3300308800013441006-03XAI2001354</AcctSvcrRef><EndToEndId>6HQU7U335A8P4CD7</EndToEndId><MndtId>rQ6NMpLD(DUDcetr)cz+6Ih4dWP?HV</MndtId></Refs><AmtDtls><InstdAmt><Amt Ccy="EUR">17.14</Amt></InstdAmt><TxAmt><Amt Ccy="EUR">17.14</Amt></TxAmt></AmtDtls><BkTxCd><Domn><Cd>PMNT</Cd><Fmly><Cd>RDDT</Cd><SubFmlyCd>ESDD</SubFmlyCd></Fmly></Domn><Prtry><Cd>105</Cd><Issr>APC</Issr></Prtry></BkTxCd><RltdPties><Dbtr><Nm>Max Mustermann</Nm></Dbtr><DbtrAcct><Id><IBAN>AT032032028882569964</IBAN></Id></DbtrAcct><Cdtr><Nm>AMAZON PAYMENTS EUROPE S.C.A.</Nm><Id><PrvtId><Othr><Id>DE94ZZZ00000561653</Id></Othr></PrvtId></Id></Cdtr><CdtrAcct><Id><IBAN>DE87300308801908262006</IBAN></Id></CdtrAcct></RltdPties><RltdAgts><DbtrAgt><FinInstnId><BIC>ASPXYT2LXXX</BIC></FinInstnId></DbtrAgt><CdtrAgt><FinInstnId><BIC>TUBDDEDDXXX</BIC></FinInstnId></CdtrAgt></RltdAgts><RmtInf><Ustrd>302-4552991-7491568 AMZN Mktp DE 6HQU7U67HA8P4CD7</Ustrd></RmtInf></TxDtls></NtryDtls></Ntry><Ntry><Amt Ccy="EUR">40.00</Amt><CdtDbtInd>DBIT</CdtDbtInd><Sts>BOOK</Sts><BookgDt><Dt>2020-03-06</Dt></BookgDt><ValDt><Dt>2020-03-06</Dt></ValDt><AcctSvcrRef>3300308800013441006-00GABQJRTYVC</AcctSvcrRef><BkTxCd><Domn><Cd>PMNT</Cd><Fmly><Cd>CCRD</Cd><SubFmlyCd>CWDL</SubFmlyCd></Fmly></Domn><Prtry><Cd>841</Cd><Issr>APC</Issr></Prtry></BkTxCd><NtryDtls><TxDtls><Refs><AcctSvcrRef>3300308800013441006-00GABQJRTYVC</AcctSvcrRef></Refs><AmtDtls><InstdAmt><Amt Ccy="EUR">40.00</Amt></InstdAmt><TxAmt><Amt Ccy="EUR">40.00</Amt></TxAmt></AmtDtls><BkTxCd><Domn><Cd>PMNT</Cd><Fmly><Cd>CCRD</Cd><SubFmlyCd>CWDL</SubFmlyCd></Fmly></Domn><Prtry><Cd>841</Cd><Issr>APC</Issr></Prtry></BkTxCd><RltdPties /><RltdAgts><DbtrAgt><FinInstnId><Othr><Id>20320</Id></Othr></FinInstnId></DbtrAgt><CdtrAgt><FinInstnId><Othr><Id>20320</Id></Othr></FinInstnId></CdtrAgt></RltdAgts><RmtInf><Ustrd>AUTOMAT   00041283 K2   06.03. 16:52</Ustrd></RmtInf></TxDtls></NtryDtls></Ntry><Ntry><Amt Ccy="EUR">7.90</Amt><CdtDbtInd>DBIT</CdtDbtInd><Sts>BOOK</Sts><BookgDt><Dt>2020-03-09</Dt></BookgDt><ValDt><Dt>2020-03-07</Dt></ValDt><AcctSvcrRef>203202003072ALB-00CXLVKHQBHC</AcctSvcrRef><BkTxCd><Domn><Cd>PMNT</Cd><Fmly><Cd>CCRD</Cd><SubFmlyCd>POSD</SubFmlyCd></Fmly></Domn><Prtry><Cd>840</Cd><Issr>APC</Issr></Prtry></BkTxCd><NtryDtls><TxDtls><Refs><AcctSvcrRef>3300308800013441006-00CXLVKHQBHC</AcctSvcrRef></Refs><AmtDtls><InstdAmt><Amt Ccy="EUR">7.90</Amt></InstdAmt><TxAmt><Amt Ccy="EUR">7.90</Amt></TxAmt></AmtDtls><BkTxCd><Domn><Cd>PMNT</Cd><Fmly><Cd>CCRD</Cd><SubFmlyCd>POSD</SubFmlyCd></Fmly></Domn><Prtry><Cd>840</Cd><Issr>APC</Issr></Prtry></BkTxCd><RltdPties /><RltdAgts><DbtrAgt><FinInstnId><Othr><Id>20320</Id></Othr></FinInstnId></DbtrAgt><CdtrAgt><FinInstnId><Othr><Id>20320</Id></Othr></FinInstnId></CdtrAgt></RltdAgts><RmtInf><Ustrd>MCDONALDS176 2340  K2   07.03. 12:51</Ustrd></RmtInf></TxDtls></NtryDtls></Ntry><Ntry><Amt Ccy="EUR">3.08</Amt><CdtDbtInd>DBIT</CdtDbtInd><Sts>BOOK</Sts><BookgDt><Dt>2020-03-10</Dt></BookgDt><ValDt><Dt>2020-03-08</Dt></ValDt><AcctSvcrRef>3300308800013441006-00B296KORDQW</AcctSvcrRef><BkTxCd><Domn><Cd>PMNT</Cd><Fmly><Cd>CCRD</Cd><SubFmlyCd>POSD</SubFmlyCd></Fmly></Domn><Prtry><Cd>840</Cd><Issr>APC</Issr></Prtry></BkTxCd><NtryDtls><TxDtls><Refs><AcctSvcrRef>3300308800013441006-00B296KORDQW</AcctSvcrRef></Refs><AmtDtls><InstdAmt><Amt Ccy="EUR">3.08</Amt></InstdAmt><TxAmt><Amt Ccy="EUR">3.08</Amt></TxAmt></AmtDtls><BkTxCd><Domn><Cd>PMNT</Cd><Fmly><Cd>CCRD</Cd><SubFmlyCd>POSD</SubFmlyCd></Fmly></Domn><Prtry><Cd>840</Cd><Issr>APC</Issr></Prtry></BkTxCd><RltdPties /><RltdAgts><DbtrAgt><FinInstnId><Othr><Id>20320</Id></Othr></FinInstnId></DbtrAgt><CdtrAgt><FinInstnId><Othr><Id>20320</Id></Othr></FinInstnId></CdtrAgt></RltdAgts><RmtInf><Ustrd>POS 3,08 AT  K2   08.03. 21:29SPAR DANKT 3779 LINZ 4020 040</Ustrd></RmtInf></TxDtls></NtryDtls></Ntry><Ntry><Amt Ccy="EUR">7.60</Amt><CdtDbtInd>DBIT</CdtDbtInd><Sts>BOOK</Sts><BookgDt><Dt>2020-03-10</Dt></BookgDt><ValDt><Dt>2020-03-10</Dt></ValDt><AcctSvcrRef>3300308800013441006-15XO5Q015311</AcctSvcrRef><BkTxCd><Domn><Cd>PMNT</Cd><Fmly><Cd>RDDT</Cd><SubFmlyCd>ESDD</SubFmlyCd></Fmly></Domn><Prtry><Cd>105</Cd><Issr>APC</Issr></Prtry></BkTxCd><NtryDtls><TxDtls><Refs><AcctSvcrRef>3300308800013441006-15XO5Q015311</AcctSvcrRef><EndToEndId>1008225650829 PAYPAL</EndToEndId><MndtId>5ELJ224UX9LLU</MndtId></Refs><AmtDtls><InstdAmt><Amt Ccy="EUR">7.60</Amt></InstdAmt><TxAmt><Amt Ccy="EUR">7.60</Amt></TxAmt></AmtDtls><BkTxCd><Domn><Cd>PMNT</Cd><Fmly><Cd>RDDT</Cd><SubFmlyCd>ESDD</SubFmlyCd></Fmly></Domn><Prtry><Cd>105</Cd><Issr>APC</Issr></Prtry></BkTxCd><RltdPties><Dbtr><Nm>Max Mustermann</Nm><PstlAdr><AdrLine>Linzerstrase 1 4040 Linz</AdrLine></PstlAdr></Dbtr><DbtrAcct><Id><IBAN>AT032039992202569964</IBAN></Id></DbtrAcct><Cdtr><Nm>PayPal (Europe) S.a.r.l. et Cie., S.C.A.</Nm><Id><PrvtId><Othr><Id>LU96ZZZ0000000000000000058</Id></Othr></PrvtId></Id></Cdtr><CdtrAcct><Id><IBAN>DE88500700100175526303</IBAN></Id></CdtrAcct></RltdPties><RltdAgts><DbtrAgt><FinInstnId><BIC>ASPXYX2LXXX</BIC></FinInstnId></DbtrAgt><CdtrAgt><FinInstnId><BIC>DEUTDEFFXXX</BIC></FinInstnId></CdtrAgt></RltdAgts><RmtInf><Ustrd>1008225650829 PAYPAL</Ustrd></RmtInf></TxDtls></NtryDtls></Ntry><Ntry><Amt Ccy="EUR">7.60</Amt><CdtDbtInd>DBIT</CdtDbtInd><Sts>BOOK</Sts><BookgDt><Dt>2020-03-10</Dt></BookgDt><ValDt><Dt>2020-03-10</Dt></ValDt><AcctSvcrRef>3300308800013441006-15XO5Q035133</AcctSvcrRef><BkTxCd><Domn><Cd>PMNT</Cd><Fmly><Cd>RDDT</Cd><SubFmlyCd>ESDD</SubFmlyCd></Fmly></Domn><Prtry><Cd>105</Cd><Issr>APC</Issr></Prtry></BkTxCd><NtryDtls><TxDtls><Refs><AcctSvcrRef>3300308800013441006-15XO5Q035133</AcctSvcrRef><EndToEndId>1008221602689 PAYPAL</EndToEndId><MndtId>5ELJ224UX9LLU</MndtId></Refs><AmtDtls><InstdAmt><Amt Ccy="EUR">7.60</Amt></InstdAmt><TxAmt><Amt Ccy="EUR">7.60</Amt></TxAmt></AmtDtls><BkTxCd><Domn><Cd>PMNT</Cd><Fmly><Cd>RDDT</Cd><SubFmlyCd>ESDD</SubFmlyCd></Fmly></Domn><Prtry><Cd>105</Cd><Issr>APC</Issr></Prtry></BkTxCd><RltdPties><Dbtr><Nm>Max Mustermann</Nm><PstlAdr><AdrLine>Linzerstrase 1 4040 Linz</AdrLine></PstlAdr></Dbtr><DbtrAcct><Id><IBAN>AT032999888202569964</IBAN></Id></DbtrAcct><Cdtr><Nm>PayPal (Europe) S.a.r.l. et Cie., S.C.A.</Nm><Id><PrvtId><Othr><Id>LU96ZZZ0000000000000000058</Id></Othr></PrvtId></Id></Cdtr><CdtrAcct><Id><IBAN>DE88500700100175526303</IBAN></Id></CdtrAcct></RltdPties><RltdAgts><DbtrAgt><FinInstnId><BIC>ASPKLL9LXXX</BIC></FinInstnId></DbtrAgt><CdtrAgt><FinInstnId><BIC>DEUTDEFFXXX</BIC></FinInstnId></CdtrAgt></RltdAgts><RmtInf><Ustrd>1008221602689 PAYPAL</Ustrd></RmtInf></TxDtls></NtryDtls></Ntry><Ntry><Amt Ccy="EUR">1.19</Amt><CdtDbtInd>DBIT</CdtDbtInd><Sts>BOOK</Sts><BookgDt><Dt>2020-03-16</Dt></BookgDt><ValDt><Dt>2020-03-12</Dt></ValDt><AcctSvcrRef>3300308800013441006-00ES6Z8LWPQ0</AcctSvcrRef><BkTxCd><Domn><Cd>PMNT</Cd><Fmly><Cd>CCRD</Cd><SubFmlyCd>POSD</SubFmlyCd></Fmly></Domn><Prtry><Cd>840</Cd><Issr>APC</Issr></Prtry></BkTxCd><NtryDtls><TxDtls><Refs><AcctSvcrRef>3300308800013441006-00ES6Z8LWPQ0</AcctSvcrRef></Refs><AmtDtls><InstdAmt><Amt Ccy="EUR">1.19</Amt></InstdAmt><TxAmt><Amt Ccy="EUR">1.19</Amt></TxAmt></AmtDtls><BkTxCd><Domn><Cd>PMNT</Cd><Fmly><Cd>CCRD</Cd><SubFmlyCd>POSD</SubFmlyCd></Fmly></Domn><Prtry><Cd>840</Cd><Issr>APC</Issr></Prtry></BkTxCd><RltdPties /><RltdAgts><DbtrAgt><FinInstnId><Othr><Id>20320</Id></Othr></FinInstnId></DbtrAgt><CdtrAgt><FinInstnId><Othr><Id>20320</Id></Othr></FinInstnId></CdtrAgt></RltdAgts><RmtInf><Ustrd>POS 1,19 AT  K2   12.03. 14:44SPAR DANKT 3779 LINZ 4020 040</Ustrd></RmtInf></TxDtls></NtryDtls></Ntry><Ntry><Amt Ccy="EUR">1.99</Amt><CdtDbtInd>DBIT</CdtDbtInd><Sts>BOOK</Sts><BookgDt><Dt>2020-03-16</Dt></BookgDt><ValDt><Dt>2020-03-14</Dt></ValDt><AcctSvcrRef>3300308800013441006-00CWFIYX12A8</AcctSvcrRef><BkTxCd><Domn><Cd>PMNT</Cd><Fmly><Cd>CCRD</Cd><SubFmlyCd>POSD</SubFmlyCd></Fmly></Domn><Prtry><Cd>840</Cd><Issr>APC</Issr></Prtry></BkTxCd><NtryDtls><TxDtls><Refs><AcctSvcrRef>3300308800013441006-00CWFIYX12A8</AcctSvcrRef></Refs><AmtDtls><InstdAmt><Amt Ccy="EUR">1.99</Amt></InstdAmt><TxAmt><Amt Ccy="EUR">1.99</Amt></TxAmt></AmtDtls><BkTxCd><Domn><Cd>PMNT</Cd><Fmly><Cd>CCRD</Cd><SubFmlyCd>POSD</SubFmlyCd></Fmly></Domn><Prtry><Cd>840</Cd><Issr>APC</Issr></Prtry></BkTxCd><RltdPties /><RltdAgts><DbtrAgt><FinInstnId><Othr><Id>20320</Id></Othr></FinInstnId></DbtrAgt><CdtrAgt><FinInstnId><Othr><Id>20320</Id></Othr></FinInstnId></CdtrAgt></RltdAgts><RmtInf><Ustrd>POS 1,99 AT  K2   14.03. 10:29SPAR DANKT 3779 LINZ 4020 040</Ustrd></RmtInf></TxDtls></NtryDtls></Ntry><Ntry><Amt Ccy="EUR">3.70</Amt><CdtDbtInd>DBIT</CdtDbtInd><Sts>BOOK</Sts><BookgDt><Dt>2020-03-16</Dt></BookgDt><ValDt><Dt>2020-03-14</Dt></ValDt><AcctSvcrRef>3300308800013441006-00CVQKDANR3K</AcctSvcrRef><BkTxCd><Domn><Cd>PMNT</Cd><Fmly><Cd>CCRD</Cd><SubFmlyCd>POSD</SubFmlyCd></Fmly></Domn><Prtry><Cd>840</Cd><Issr>APC</Issr></Prtry></BkTxCd><NtryDtls><TxDtls><Refs><AcctSvcrRef>3300308800013441006-00CVQKDANR3K</AcctSvcrRef></Refs><AmtDtls><InstdAmt><Amt Ccy="EUR">3.70</Amt></InstdAmt><TxAmt><Amt Ccy="EUR">3.70</Amt></TxAmt></AmtDtls><BkTxCd><Domn><Cd>PMNT</Cd><Fmly><Cd>CCRD</Cd><SubFmlyCd>POSD</SubFmlyCd></Fmly></Domn><Prtry><Cd>840</Cd><Issr>APC</Issr></Prtry></BkTxCd><RltdPties /><RltdAgts><DbtrAgt><FinInstnId><Othr><Id>20320</Id></Othr></FinInstnId></DbtrAgt><CdtrAgt><FinInstnId><Othr><Id>20320</Id></Othr></FinInstnId></CdtrAgt></RltdAgts><RmtInf><Ustrd>MCDONALDS 79 2340  K2   14.03. 12:51</Ustrd></RmtInf></TxDtls></NtryDtls></Ntry><Ntry><Amt Ccy="EUR">4.58</Amt><CdtDbtInd>DBIT</CdtDbtInd><Sts>BOOK</Sts><BookgDt><Dt>2020-03-16</Dt></BookgDt><ValDt><Dt>2020-03-14</Dt></ValDt><AcctSvcrRef>3300308800013441006-00FZ4X5CMKUO</AcctSvcrRef><BkTxCd><Domn><Cd>PMNT</Cd><Fmly><Cd>CCRD</Cd><SubFmlyCd>POSD</SubFmlyCd></Fmly></Domn><Prtry><Cd>840</Cd><Issr>APC</Issr></Prtry></BkTxCd><NtryDtls><TxDtls><Refs><AcctSvcrRef>3300308800013441006-00FZ4X5CMKUO</AcctSvcrRef></Refs><AmtDtls><InstdAmt><Amt Ccy="EUR">4.58</Amt></InstdAmt><TxAmt><Amt Ccy="EUR">4.58</Amt></TxAmt></AmtDtls><BkTxCd><Domn><Cd>PMNT</Cd><Fmly><Cd>CCRD</Cd><SubFmlyCd>POSD</SubFmlyCd></Fmly></Domn><Prtry><Cd>840</Cd><Issr>APC</Issr></Prtry></BkTxCd><RltdPties /><RltdAgts><DbtrAgt><FinInstnId><Othr><Id>20320</Id></Othr></FinInstnId></DbtrAgt><CdtrAgt><FinInstnId><Othr><Id>20320</Id></Othr></FinInstnId></CdtrAgt></RltdAgts><RmtInf><Ustrd>BILLA DANKT  2320  K2   14.03. 16:14</Ustrd></RmtInf></TxDtls></NtryDtls></Ntry><Ntry><Amt Ccy="EUR">15.99</Amt><CdtDbtInd>DBIT</CdtDbtInd><Sts>BOOK</Sts><BookgDt><Dt>2020-03-27</Dt></BookgDt><ValDt><Dt>2020-03-27</Dt></ValDt><AcctSvcrRef>3300308800013441006-04X33S015928</AcctSvcrRef><BkTxCd><Domn><Cd>PMNT</Cd><Fmly><Cd>RDDT</Cd><SubFmlyCd>ESDD</SubFmlyCd></Fmly></Domn><Prtry><Cd>105</Cd><Issr>APC</Issr></Prtry></BkTxCd><NtryDtls><TxDtls><Refs><AcctSvcrRef>3300308800013441006-04X33S015928</AcctSvcrRef><EndToEndId>1008333240953 PAYPAL</EndToEndId><MndtId>5ELJ222UX9LLU</MndtId></Refs><AmtDtls><InstdAmt><Amt Ccy="EUR">15.99</Amt></InstdAmt><TxAmt><Amt Ccy="EUR">15.99</Amt></TxAmt></AmtDtls><BkTxCd><Domn><Cd>PMNT</Cd><Fmly><Cd>RDDT</Cd><SubFmlyCd>ESDD</SubFmlyCd></Fmly></Domn><Prtry><Cd>105</Cd><Issr>APC</Issr></Prtry></BkTxCd><RltdPties><Dbtr><Nm>Max Mustermann</Nm><PstlAdr><AdrLine>Linzerstrase 1 4040 Linz</AdrLine></PstlAdr></Dbtr><DbtrAcct><Id><IBAN>AT032032032337779964</IBAN></Id></DbtrAcct><Cdtr><Nm>PayPal (Europe) S.a.r.l. et Cie., S.C.A.</Nm><Id><PrvtId><Othr><Id>LU96ZZZ0000000000000000058</Id></Othr></PrvtId></Id></Cdtr><CdtrAcct><Id><IBAN>DE88500700100175526303</IBAN></Id></CdtrAcct></RltdPties><RltdAgts><DbtrAgt><FinInstnId><BIC>XXXXAT2LXXX</BIC></FinInstnId></DbtrAgt><CdtrAgt><FinInstnId><BIC>DEUTDEFFXXX</BIC></FinInstnId></CdtrAgt></RltdAgts><RmtInf><Ustrd>1008393240953 PAYPAL</Ustrd></RmtInf></TxDtls></NtryDtls></Ntry><AddtlStmtInf>*** Abschlussbuchung per 31.03.2020 **** Reklamationen bitte binnen 2 Monaten Kontostand         per 31.03.2020      XXXXXXXX</AddtlStmtInf></Stmt></BkToCstmrStmt></Document>
